<?xml version="1.0" encoding="UTF-8"?><collection xmlns="http://www.loc.gov/MARC21/slim"><record><leader>00350nam--2200121-i-4500</leader><controlfield tag="001">000007412</controlfield><controlfield tag="002">20161230</controlfield><controlfield tag="005">20161230201027</controlfield><controlfield tag="008">060222s1000------------r-----000-0-eng-d</controlfield><datafield ind1=" " ind2=" " tag="100"><subfield code="a">Brand, J.C.D.And Eglinton, G</subfield></datafield><datafield ind1=" " ind2=" " tag="245"><subfield code="a">Applications of spectroscopy to organic chemis try</subfield></datafield><datafield ind1=" " ind2=" " tag="260"><subfield code="a">London, Oldbourne Press, 1965</subfield></datafield><datafield ind1=" " ind2=" " tag="490"><subfield code="a">Oldbourne Chemistry Series</subfield></datafield></record></collection>